<record><leader>00000cas a22000007a 4500</leader><controlfield tag="001">15869214</controlfield><controlfield tag="008">870609d19121914inuwr ne      0    0eng d</controlfield><controlfield tag="009">5452</controlfield><datafield ind1=" " ind2=" " tag="010"><subfield code="a">sn 87055508 </subfield></datafield><datafield ind1=" " ind2=" " tag="040"><subfield code="a">NPI</subfield><subfield code="b">eng</subfield><subfield code="c">NPI</subfield><subfield code="d">OCLCQ</subfield></datafield><datafield ind1=" " ind2=" " tag="042"><subfield code="a">msc</subfield></datafield><datafield ind1="0" ind2="0" tag="245"><subfield code="a">Boone County Progressive.</subfield></datafield><datafield ind1=" " ind2=" " tag="260"><subfield code="a">Lebanon, Ind. :</subfield><subfield code="b">A.H. Felker,</subfield><subfield code="c">1912-1914.</subfield></datafield><datafield ind1=" " ind2=" " tag="310"><subfield code="a">Weekly</subfield></datafield><datafield ind1="0" ind2=" " tag="362"><subfield code="a">Vol. 1, no. 1 (Sept. 26, 1912)-Nov. 12, 1914.</subfield></datafield><datafield ind1=" " ind2=" " tag="500"><subfield code="a">Progressive Party.</subfield></datafield><datafield ind1=" " ind2=" " tag="515"><subfield code="a">Vol. numbering ceased with Vol. 2, no. 101 (Oct. 8, 1914).</subfield></datafield><datafield ind1=" " ind2=" " tag="752"><subfield code="a">United States</subfield><subfield code="b">Indiana</subfield><subfield code="c">Boone</subfield><subfield code="d">Lebanon.</subfield></datafield></record>